<?xml version="1.0" encoding="UTF-8"?><record xmlns="http://www.loc.gov/MARC21/slim" xmlns:cinclude="http://apache.org/cocoon/include/1.0" xmlns:zs="http://www.loc.gov/zing/srw/">
  <leader>00338nz  a2200121n  4500</leader>
  <controlfield tag="001">no 91017417 </controlfield>
  <controlfield tag="003">DLC</controlfield>
  <controlfield tag="005">19910725095453.1</controlfield>
  <controlfield tag="008">910716n| acannaab|          |n aaa     c</controlfield>
  <datafield tag="010" ind1=" " ind2=" ">
    <subfield code="a">no 91017417 </subfield>
  </datafield>
  <datafield tag="040" ind1=" " ind2=" ">
    <subfield code="a">CLU</subfield>
    <subfield code="c">CLU</subfield>
  </datafield>
  <datafield tag="100" ind1="1" ind2="0">
    <subfield code="a">Boyle, Charles P.</subfield>
  </datafield>
  <datafield tag="670" ind1=" " ind2=" ">
    <subfield code="a">The great commandment [MP] 1939:</subfield>
    <subfield code="b">credits (photographed by Charles P. Boyle, A.S.C.)</subfield>
  </datafield>
</record>